@article{Boezio:2012rr,
    author = "Boezio, Mirko and Mocchiutti, Emiliano",
    title = "{Chemical Composition of Galactic Cosmic Rays with Space Experiments}",
    eprint = "1208.1406",
    archivePrefix = "arXiv",
    primaryClass = "hep-ex",
    doi = "10.1016/j.astropartphys.2012.05.007",
    journal = "Astropart. Phys.",
    volume = "39-40",
    pages = "95--108",
    year = "2012"
}

@book{Leo:techniques,
    author = {Leo, William R.},
    title= {Techniques for Nuclear and Particle Physics Experiments},
    publisher= {Springer-Verlag Berlin Heidelberg},
    year = {1994},
    location= {Milano},
}
